@book{lamport1994latex,
  title={LaTeX: A Document Preparation System},
  author={Lamport, Leslie},
  year={1994},
  publisher={Addison-Wesley}
}

@article{fastapi2020,
  title={FastAPI: high performance, easy to learn, fast to code, ready for production},
  author={Ramírez, Sebastián and others},
  journal={FastAPI Project},
  year={2020},
  note={https://fastapi.tiangolo.com}
}

@inproceedings{react2013,
  title={React: A JavaScript library for building user interfaces},
  author={Facebook Open Source},
  booktitle={React Documentation},
  year={2013},
  note={https://reactjs.org}
}

@article{bigquery2011,
  title={Google BigQuery: A Distributed Analytic Engine},
  author={Google Cloud Platform},
  journal={Google Cloud Documentation},
  year={2011},
  note={https://cloud.google.com/bigquery}
}

@article{jwt2015,
  title={JSON Web Token (JWT)},
  author={Jones, M. and Bradley, J. and Sakimura, N.},
  journal={RFC 7519},
  year={2015},
  note={https://datatracker.ietf.org/doc/html/rfc7519}
}

@misc{uuid2005,
  title={Universally Unique Identifier (UUID)},
  author={Leach, P. and Salz, R. and others},
  year={2005},
  note={RFC 4122}
}

@book{inmon1996,
  title={Building the Data Warehouse},
  author={Inmon, W. H.},
  year={1996},
  publisher={John Wiley & Sons}
}

@book{kleppmann2017,
  title={Designing Data-Intensive Applications: The Big Ideas Behind Reliable, Scalable, and Maintainable Systems},
  author={Kleppmann, Martin},
  year={2017},
  publisher={O'Reilly Media}
}

@misc{reconciliation2019,
  title={Automated payment reconciliation in logistics platforms},
  author={Ramirez, J. and Soto, M.},
  year={2019},
  note={Technical report / whitepaper}
}
@Misc{Oetiker2016,
	title = {The no so short introduction to {\LaTeX}},
	author = {Oetiker, Tobias and Partl, Hubert and Hyna, Irene and Schlegl, Elisabeth},
    pages = {1-190},
    url = {http://tobi.oetiker.ch/lshort/lshort.pdf},
    note = {\url{http://tobi.oetiker.ch/lshort/lshort.pdf}},
    year = {2016}
}

@misc{LucasArts2010Yoda,
    title = {Yoda Lego Satr Wars},
	author = {Lucas Arts VIP},
    pages = {1},
    url = {https://www.pinterest.com.mx/pin/135741376239362675/},
    note = {\url{https://www.pinterest.com.mx/pin/135741376239362675/}},
    year = {2010}
}

@MISC{AG02i,
 author={International Energy Agency, IEA},
 title={Renewables in Global Energy Supply},
 year={2007},
 pages={34}
}

@misc{Unal2014DocTesis,
    title = {Plantilla Tesis Maestr\'ia y Doctorado Universidad Nacional de Colombia},
	author = {UNAL-SINAB, Sistema de Bibliotecas Universidad Nacional de Colombia},
    pages = {1-42},
    url = {https://bibliotecas.unal.edu.co/servicios/servicios-en-linea/entrega-de-tesis-y-publicaciones-en-linea},
    note = {Consultado en Julio 2022 de  \url{https://bibliotecas.unal.edu.co/servicios/servicios-en-linea/entrega-de-tesis-y-publicaciones-en-linea}},
    year = {2010}
}

@book{NTC14862008,
    title={Documentaci\'on. Presentaci\'on de Tesis, Trabajos de grado y otros trabajos de investigaci\'on. NTC1486},
    author={ICONTEC},
    publisher={Instituto Colombiano de Normas T\'ecnicas y Certificaci\'on},
    year={2008},
    address={Bogot\'a D.C., Colombia},
    edition={Sexta actualizaci\'on},
    month={Agosto}
}
